@article{Tuchinda:2011:BMD:1993053.1993058,
	author = {Tuchinda, Rattapoom and Knoblock, Craig A. and Szekely, Pedro},
	title = {Building Mashups by Demonstration},
	journal = {ACM Trans. Web},
	issue_date = {July 2011},
	volume = {5},
	number = {3},
	month = jul,
	year = {2011},
	issn = {1559-1131},
	pages = {16:1--16:45},
	articleno = {16},
	numpages = {45},
	doi = {10.1145/1993053.1993058},
	acmid = {1993058},
	publisher = {ACM},
	address = {New York, NY, USA},
	keywords = {Mashups, information integration, programming by demonstration},
} 

@InProceedings{10.1007/978-3-642-17694-4_11,
	author={Duke, Alistair et al.},
	title={Telecommunication Mashups Using RESTful Services},
	booktitle={Towards a Service-Based Internet},
	year={2010},
	publisher={Springer},
	address={Berlin, Heidelberg},
	pages={124--135},
	isbn={978-3-642-17694-4}
}

@incollection{verborgh_rest_2014,
	title = {Survey of Semantic Description of {REST APIs}},
	author = {Verborgh, Ruben et al.},
	year = 2014,
	booktitle = {REST: Advanced Research Topics and Practical Applications},
	pages = {69--89},
	publisher = {Springer},
	isbn = {978-1-4614-9298-6}
}
@article{GARRIGA201632,
	title = {RESTful service composition at a glance: A survey},
	journal = {Journal of Network and Computer Applications},
	volume = {60},
	pages = {32 - 53},
	year = {2016},
	issn = {1084-8045},
	doi = {https://doi.org/10.1016/j.jnca.2015.11.020},
	url = {http://www.sciencedirect.com/science/article/pii/S1084804515002933},
	author = {Martin Garriga and Cristian Mateos and Andres Flores and Alejandra Cechich and Alejandro Zunino},
	keywords = {Web Services, Restful services, Service composition, Service mashups},
	}

@inproceedings{7195633,
	Author = {Ivan. Salvadori and Frank. Siqueira},
	Booktitle = {2015 IEEE International Conference on Web Services},
	Date-Added = {2018-08-12 23:37:34 +0200},
	Date-Modified = {2018-08-12 23:37:34 +0200},
	Keywords = {application program interfaces;Capability Maturity Model;semantic Web;software architecture;software reusability;system documentation;Web services;maturity model;semantic RESTful Web API;system interaction;Web sites;Web applications;REST architectural style;Web API classification;semantic Web technology;Web API design;Web API reuse;Web API documentation;Semantics;Protocols;Semantic Web;Couplings;Object oriented modeling;Measurement;Servers;Maturity Model;REST;Web API;Linked Data;Semantic Web},
	Month = {June},
	Pages = {703-710},
	Title = {A Maturity Model for Semantic RESTful Web APIs},
	Year = {2015},
	Bdsk-Url-1 = {https://doi.org/10.1109/ICWS.2015.98}}

@inproceedings{10.1109/ICWS.2014.30,
	Author = {Florian Haupt and Dimka Karastoyanova and Frank Leymann and Benjamin Schroth},
	Booktitle = {Proceedings of the IEEE International Conference on Web Services (ICWS 2014)},
	Date-Added = {2018-08-12 23:10:47 +0200},
	Date-Modified = {2018-08-12 23:17:41 +0200},
	Pages = {129 - 136},
	Publisher = {IEEE},
	Rating = {5},
	Read = {1},
	Title = {A model-driven approach for REST compliant service},
	Year = {2014},
	Bdsk-File-1 = {YnBsaXN0MDDUAQIDBAUGJCVYJHZlcnNpb25YJG9iamVjdHNZJGFyY2hpdmVyVCR0b3ASAAGGoKgHCBMUFRYaIVUkbnVsbNMJCgsMDxJXTlMua2V5c1pOUy5vYmplY3RzViRjbGFzc6INDoACgAOiEBGABIAFgAdccmVsYXRpdmVQYXRoWWFsaWFzRGF0YV8QSi4uLy4uL0xlY3R1cmVzL0x1cy9BIG1vZGVsIGRyaXZlbiBhcHByb2FjaCBmb3IgUkVTVCBjb21wbGlhbnQgc2VydmljZXMucGRm0hcLGBlXTlMuZGF0YU8RAlYAAAAAAlYAAgAADE1hY2ludG9zaCBIRAAAAAAAAAAAAAAAAAAAAAAAAABCRAAB/////x9BIG1vZGVsIGRyaXZlbiBhcHAjRkZGRkZGRkYucGRmAAAAAAAAAAAAAAAAAAAAAAAAAAAAAAAAAAAAAAAAAAD/////AAAAAAAAAAAAAAAAAAIAAwAACiBjdQAAAAAAAAAAAAAAAAADTHVzAAACAIgvOlVzZXJzOkFudG9pbmU6TGlicmFyeTpNb2JpbGUgRG9jdW1lbnRzOmNvbX5hcHBsZX5DbG91ZERvY3M6VGhlc2lzOkxlY3R1cmVzOkx1czpBIG1vZGVsIGRyaXZlbiBhcHByb2FjaCBmb3IgUkVTVCBjb21wbGlhbnQgc2VydmljZXMucGRmAA4AcAA3AEEAIABtAG8AZABlAGwAIABkAHIAaQB2AGUAbgAgAGEAcABwAHIAbwBhAGMAaAAgAGYAbwByACAAUgBFAFMAVAAgAGMAbwBtAHAAbABpAGEAbgB0ACAAcwBlAHIAdgBpAGMAZQBzAC4AcABkAGYADwAaAAwATQBhAGMAaQBuAHQAbwBzAGgAIABIAEQAEgCGVXNlcnMvQW50b2luZS9MaWJyYXJ5L01vYmlsZSBEb2N1bWVudHMvY29tfmFwcGxlfkNsb3VkRG9jcy9UaGVzaXMvTGVjdHVyZXMvTHVzL0EgbW9kZWwgZHJpdmVuIGFwcHJvYWNoIGZvciBSRVNUIGNvbXBsaWFudCBzZXJ2aWNlcy5wZGYAEwABLwAAFQACAA7//wAAgAbSGxwdHlokY2xhc3NuYW1lWCRjbGFzc2VzXU5TTXV0YWJsZURhdGGjHR8gVk5TRGF0YVhOU09iamVjdNIbHCIjXE5TRGljdGlvbmFyeaIiIF8QD05TS2V5ZWRBcmNoaXZlctEmJ1Ryb290gAEACAARABoAIwAtADIANwBAAEYATQBVAGAAZwBqAGwAbgBxAHMAdQB3AIQAjgDbAOAA6ANCA0QDSQNUA10DawNvA3YDfwOEA5EDlAOmA6kDrgAAAAAAAAIBAAAAAAAAACgAAAAAAAAAAAAAAAAAAAOw}}

@phdthesis{FieldingThesis,
	Author = {Roy T.Fielding},
	Date-Added = {2018-08-12 22:47:24 +0200},
	Date-Modified = {2018-08-12 22:49:15 +0200},
	Keywords = {REST},
	Rating = {5},
	Read = {1},
	School = {University of California, Irvine},
	Title = {Architectural Styles and the Design of Network-based Software Architectures},
	Year = {2000},
	Bdsk-File-1 = {YnBsaXN0MDDUAQIDBAUGJCVYJHZlcnNpb25YJG9iamVjdHNZJGFyY2hpdmVyVCR0b3ASAAGGoKgHCBMUFRYaIVUkbnVsbNMJCgsMDxJXTlMua2V5c1pOUy5vYmplY3RzViRjbGFzc6INDoACgAOiEBGABIAFgAdccmVsYXRpdmVQYXRoWWFsaWFzRGF0YV8QMS4uLy4uL0xlY3R1cmVzL0x1cy9maWVsZGluZ19kaXNzZXJ0YXRpb25fUkVTVC5wZGbSFwsYGVdOUy5kYXRhTxEB9AAAAAAB9AACAAAMTWFjaW50b3NoIEhEAAAAAAAAAAAAAAAAAAAAAAAAAEJEAAH/////HmZpZWxkaW5nX2Rpc3NlcnRhdGlvbl9SRVNULnBkZgAAAAAAAAAAAAAAAAAAAAAAAAAAAAAAAAAAAAAAAAAAAP////8AAAAAAAAAAAAAAAAAAgADAAAKIGN1AAAAAAAAAAAAAAAAAANMdXMAAAIAby86VXNlcnM6QW50b2luZTpMaWJyYXJ5Ok1vYmlsZSBEb2N1bWVudHM6Y29tfmFwcGxlfkNsb3VkRG9jczpUaGVzaXM6TGVjdHVyZXM6THVzOmZpZWxkaW5nX2Rpc3NlcnRhdGlvbl9SRVNULnBkZgAADgA+AB4AZgBpAGUAbABkAGkAbgBnAF8AZABpAHMAcwBlAHIAdABhAHQAaQBvAG4AXwBSAEUAUwBUAC4AcABkAGYADwAaAAwATQBhAGMAaQBuAHQAbwBzAGgAIABIAEQAEgBtVXNlcnMvQW50b2luZS9MaWJyYXJ5L01vYmlsZSBEb2N1bWVudHMvY29tfmFwcGxlfkNsb3VkRG9jcy9UaGVzaXMvTGVjdHVyZXMvTHVzL2ZpZWxkaW5nX2Rpc3NlcnRhdGlvbl9SRVNULnBkZgAAEwABLwAAFQACAA7//wAAgAbSGxwdHlokY2xhc3NuYW1lWCRjbGFzc2VzXU5TTXV0YWJsZURhdGGjHR8gVk5TRGF0YVhOU09iamVjdNIbHCIjXE5TRGljdGlvbmFyeaIiIF8QD05TS2V5ZWRBcmNoaXZlctEmJ1Ryb290gAEACAARABoAIwAtADIANwBAAEYATQBVAGAAZwBqAGwAbgBxAHMAdQB3AIQAjgDCAMcAzwLHAskCzgLZAuIC8AL0AvsDBAMJAxYDGQMrAy4DMwAAAAAAAAIBAAAAAAAAACgAAAAAAAAAAAAAAAAAAAM1}}

@inproceedings{Lanthaler:2013:CGW:2487788.2487799,
	Acmid = {2487799},
	Address = {New York, NY, USA},
	Author = {Lanthaler, Markus},
	Booktitle = {Proceedings of the 22Nd International Conference on World Wide Web},
	Date-Added = {2018-08-12 23:48:21 +0200},
	Date-Modified = {2018-08-12 23:48:21 +0200},
	Doi = {10.1145/2487788.2487799},
	Isbn = {978-1-4503-2038-2},
	Keywords = {hydra, hypermedia, json-ld, linked data, rest, web, web services},
	Location = {Rio de Janeiro, Brazil},
	Numpages = {4},
	Pages = {35--38},
	Publisher = {ACM},
	Series = {WWW '13 Companion},
	Title = {Creating 3rd Generation Web APIs with Hydra},
	Url = {http://doi.acm.org/10.1145/2487788.2487799},
	Year = {2013},
	Bdsk-Url-1 = {http://doi.acm.org/10.1145/2487788.2487799},
	Bdsk-Url-2 = {https://doi.org/10.1145/2487788.2487799}}

@inproceedings{10.1007/978-3-642-22233-7_24,
	Abstract = {Representational State Transfer (REST), as an architectural style for distributed hypermedia systems, enables scalable operation of the World Wide Web (WWW) and is the foundation for its future evolution. However, although described over 10 years ago, no comprehensive formal model for representing RESTful systems exists. The lack of a formal model has hindered understanding of the REST architectural style and the WWW architecture, consequently limiting Web engineering advancement. In this paper we present a model of RESTful systems based on a finite-state machine formalism. We show that the model enables intuitive formalization of many REST's constraints, including uniform interface, stateless client-server operation, and code-on-demand execution. We describe the model's mapping to a system-level view of operation and apply the model to an example Web application. Finally, we outline benefits of the model, ranging from better understanding of REST to designing frameworks for RESTful system development.},
	Address = {Berlin, Heidelberg},
	Author = {Zuzak, Ivan et al.},
	Booktitle = {Web Engineering},
	Date-Added = {2018-08-12 23:26:59 +0200},
	Date-Modified = {2018-08-12 23:26:59 +0200},
	Isbn = {978-3-642-22233-7},
	Pages = {346--360},
	Publisher = {Springer},
	Title = {Formal Modeling of RESTful Systems Using Finite-State Machines},
	Year = {2011}}

@inproceedings{Schreier:2011:MRA:1967428.1967434,
	Acmid = {1967434},
	Address = {New York, NY, USA},
	Author = {Schreier, Silvia},
	Booktitle = {Proceedings of the Second International Workshop on RESTful Design},
	Date-Added = {2018-08-12 23:31:05 +0200},
	Date-Modified = {2018-08-12 23:31:05 +0200},
	Doi = {10.1145/1967428.1967434},
	Isbn = {978-1-4503-0623-2},
	Keywords = {REST, metamodel, modeling, web services},
	Location = {Hyderabad, India},
	Numpages = {7},
	Pages = {15--21},
	Publisher = {ACM},
	Series = {WS-REST '11},
	Title = {Modeling RESTful Applications},
	Url = {http://doi.acm.org/10.1145/1967428.1967434},
	Year = {2011},
	Bdsk-Url-1 = {http://doi.acm.org/10.1145/1967428.1967434},
	Bdsk-Url-2 = {https://doi.org/10.1145/1967428.1967434}}

@article{Rapido,
	Author = {Ronnie Mitra},
	Date-Added = {2018-08-12 22:57:32 +0200},
	Date-Modified = {2018-08-12 23:04:09 +0200},
	Journal = {World Wide Web Conference},
	Read = {1},
	Title = {Rapido: a sketching tool for web api designers},
	Year = {2015},
	Bdsk-File-1 = {YnBsaXN0MDDUAQIDBAUGJCVYJHZlcnNpb25YJG9iamVjdHNZJGFyY2hpdmVyVCR0b3ASAAGGoKgHCBMUFRYaIVUkbnVsbNMJCgsMDxJXTlMua2V5c1pOUy5vYmplY3RzViRjbGFzc6INDoACgAOiEBGABIAFgAdccmVsYXRpdmVQYXRoWWFsaWFzRGF0YV8QRC4uLy4uL0xlY3R1cmVzL0x1cy9SYXBpZG8gQSBTa2V0Y2hpbmcgVG9vbCBmb3IgV2ViIEFQSSBEZXNpZ25lcnMucGRm0hcLGBlXTlMuZGF0YU8RAj4AAAAAAj4AAgAADE1hY2ludG9zaCBIRAAAAAAAAAAAAAAAAAAAAAAAAABCRAAB/////x9SYXBpZG8gQSBTa2V0Y2hpbmcjRkZGRkZGRkYucGRmAAAAAAAAAAAAAAAAAAAAAAAAAAAAAAAAAAAAAAAAAAD/////AAAAAAAAAAAAAAAAAAIAAwAACiBjdQAAAAAAAAAAAAAAAAADTHVzAAACAIIvOlVzZXJzOkFudG9pbmU6TGlicmFyeTpNb2JpbGUgRG9jdW1lbnRzOmNvbX5hcHBsZX5DbG91ZERvY3M6VGhlc2lzOkxlY3R1cmVzOkx1czpSYXBpZG8gQSBTa2V0Y2hpbmcgVG9vbCBmb3IgV2ViIEFQSSBEZXNpZ25lcnMucGRmAA4AZAAxAFIAYQBwAGkAZABvACAAQQAgAFMAawBlAHQAYwBoAGkAbgBnACAAVABvAG8AbAAgAGYAbwByACAAVwBlAGIAIABBAFAASQAgAEQAZQBzAGkAZwBuAGUAcgBzAC4AcABkAGYADwAaAAwATQBhAGMAaQBuAHQAbwBzAGgAIABIAEQAEgCAVXNlcnMvQW50b2luZS9MaWJyYXJ5L01vYmlsZSBEb2N1bWVudHMvY29tfmFwcGxlfkNsb3VkRG9jcy9UaGVzaXMvTGVjdHVyZXMvTHVzL1JhcGlkbyBBIFNrZXRjaGluZyBUb29sIGZvciBXZWIgQVBJIERlc2lnbmVycy5wZGYAEwABLwAAFQACAA7//wAAgAbSGxwdHlokY2xhc3NuYW1lWCRjbGFzc2VzXU5TTXV0YWJsZURhdGGjHR8gVk5TRGF0YVhOU09iamVjdNIbHCIjXE5TRGljdGlvbmFyeaIiIF8QD05TS2V5ZWRBcmNoaXZlctEmJ1Ryb290gAEACAARABoAIwAtADIANwBAAEYATQBVAGAAZwBqAGwAbgBxAHMAdQB3AIQAjgDVANoA4gMkAyYDKwM2Az8DTQNRA1gDYQNmA3MDdgOIA4sDkAAAAAAAAAIBAAAAAAAAACgAAAAAAAAAAAAAAAAAAAOS}}

@inproceedings{10.1007/978-3-319-38791-8_2,
	Abstract = {Quickly and dominantly, REST APIs have spread over the Web and percolated into modern software development practice, especially in the Mobile Internet where they conveniently enable offloading data and computations onto cloud services. We analyze more than 78 GB of HTTP traffic collected by Italy's biggest Mobile Internet provider over one full day and study how big the trend is in practice, how it changed the traffic that is generated by applications, and how REST APIs are implemented in practice. The analysis provides insight into the compliance of state-of-the-art APIs with theoretical Web engineering principles and guidelines, knowledge that affects how applications should be developed to be scalable and robust. The perspective is that of the Mobile Internet.},
	Address = {Cham},
	Author = {Rodr{\'\i}guez, Carlos and Baez, Marcos and Daniel, Florian and Casati, Fabio and Trabucco, Juan Carlos and Canali, Luigi and Percannella, Gianraffaele},
	Booktitle = {Web Engineering},
	Date-Added = {2018-08-12 23:33:02 +0200},
	Date-Modified = {2018-08-12 23:33:02 +0200},
	Editor = {Bozzon, Alessandro and Cudre-Maroux, Philippe and Pautasso, Cesare},
	Isbn = {978-3-319-38791-8},
	Pages = {21--39},
	Publisher = {Springer International Publishing},
	Title = {REST APIs: A Large-Scale Analysis of Compliance with Principles and Best Practices},
	Year = {2016}}

@article{TheSemanticWeb,
	Author = {Tim Berners-Lee},
	Date-Added = {2018-08-12 22:54:00 +0200},
	Date-Modified = {2018-08-12 22:57:24 +0200},
	Journal = {Scientific American},
	Rating = {4},
	Read = {1},
	Title = {The Semantic Web},
	Year = {2001},
	Bdsk-File-1 = {YnBsaXN0MDDUAQIDBAUGJCVYJHZlcnNpb25YJG9iamVjdHNZJGFyY2hpdmVyVCR0b3ASAAGGoKgHCBMUFRYaIVUkbnVsbNMJCgsMDxJXTlMua2V5c1pOUy5vYmplY3RzViRjbGFzc6INDoACgAOiEBGABIAFgAdccmVsYXRpdmVQYXRoWWFsaWFzRGF0YV8QJy4uLy4uL0xlY3R1cmVzL0x1cy9UaGUgU2VtYW50aWMgV2ViLnBkZtIXCxgZV05TLmRhdGFPEQHMAAAAAAHMAAIAAAxNYWNpbnRvc2ggSEQAAAAAAAAAAAAAAAAAAAAAAAAAQkQAAf////8UVGhlIFNlbWFudGljIFdlYi5wZGYAAAAAAAAAAAAAAAAAAAAAAAAAAAAAAAAAAAAAAAAAAAAAAAAAAAAAAAAA/////wAAAAAAAAAAAAAAAAACAAMAAAogY3UAAAAAAAAAAAAAAAAAA0x1cwAAAgBlLzpVc2VyczpBbnRvaW5lOkxpYnJhcnk6TW9iaWxlIERvY3VtZW50czpjb21+YXBwbGV+Q2xvdWREb2NzOlRoZXNpczpMZWN0dXJlczpMdXM6VGhlIFNlbWFudGljIFdlYi5wZGYAAA4AKgAUAFQAaABlACAAUwBlAG0AYQBuAHQAaQBjACAAVwBlAGIALgBwAGQAZgAPABoADABNAGEAYwBpAG4AdABvAHMAaAAgAEgARAASAGNVc2Vycy9BbnRvaW5lL0xpYnJhcnkvTW9iaWxlIERvY3VtZW50cy9jb21+YXBwbGV+Q2xvdWREb2NzL1RoZXNpcy9MZWN0dXJlcy9MdXMvVGhlIFNlbWFudGljIFdlYi5wZGYAABMAAS8AABUAAgAO//8AAIAG0hscHR5aJGNsYXNzbmFtZVgkY2xhc3Nlc11OU011dGFibGVEYXRhox0fIFZOU0RhdGFYTlNPYmplY3TSGxwiI1xOU0RpY3Rpb25hcnmiIiBfEA9OU0tleWVkQXJjaGl2ZXLRJidUcm9vdIABAAgAEQAaACMALQAyADcAQABGAE0AVQBgAGcAagBsAG4AcQBzAHUAdwCEAI4AuAC9AMUClQKXApwCpwKwAr4CwgLJAtIC1wLkAucC+QL8AwEAAAAAAAACAQAAAAAAAAAoAAAAAAAAAAAAAAAAAAADAw==}}

@webpage{hfactor,
	Date-Added = {2018-08-23 12:13:30 +0200},
	Date-Modified = {2018-08-23 12:14:42 +0200},
	Lastchecked = {2018/08/23},
	Month = {03},
	Url = {http://amundsen.com/hypermedia/hfactor/},
	Year = {2010}}

@misc{AtomSF,
    author = {IETF},
    title = {Atom Syndication Format},
    Key = {AtomSF},
	Date-Added = {2018-08-12 23:48:41 +0200},
	Date-Modified = {2018-08-12 23:49:10 +0200},
	Lastchecked = {2018/08/12},
	Month = {12},
	Rating = {3},
	Read = {1},
	note = {[Online]. \url{https://tools.ietf.org/html/rfc4287}. [Accessed: 15- Jan- 2019].},
	Year = {2005},
	Bdsk-Url-1 = {https://tools.ietf.org/html/rfc4287}}

@misc{SoHA,
    Key = {SoHA},
    title = {SoHA},
	Date-Added = {2018-08-12 23:38:30 +0200},
	Date-Modified = {2018-08-12 23:46:05 +0200},
	Lastchecked = {2018/08/12},
	Month = {02},
	Rating = {3},
	Read = {1},
	note = {[Online]. \url{https://tinyurl.com/ya43vefk}. [Accessed: 16- Jan- 2019].},
	Year = {2010},
	Bdsk-Url-1 = {https://tinyurl.com/ya43vefk}}


@misc{RichardsonMaturityModel,
    author = {Martin Fowler},
    title = {Richardson Maturity Model},
    Key = {RichardsonMaturityModel},
	Date-Added = {2018-08-12 22:52:12 +0200},
	Date-Modified = {2018-08-12 22:52:45 +0200},
	Lastchecked = {2018/08/12},
	note = {[Online]. [Accessed: 15- Jan- 2019]. \url{https://martinfowler.com/articles/richardsonMaturityModel.html}.}}

@misc{LinkedDataPrinciples,
    author = {Tim Berners-Lee},
    title = {Linked Data Principles},
    Key = {LinkedDataPrinciples},
	Date-Added = {2018-08-12 22:43:47 +0200},
	Date-Modified = {2018-08-12 22:49:03 +0200},
	Keywords = {LinkedData BernersLee SemanticWeb},
	Lastchecked = {2018/08/12},
	Month = {07},
	Rating = {5},
	Read = {1},
	Year = {2006},
	note = {[Online]. Available: \url{https://www.w3.org/DesignIssues/LinkedData.html}. [Accessed: 15- Jan- 2019].},
}

@phdthesis{lanthalerthird,
  title={Third Generation Web APIs, Bridging the Gap between REST and Linked Data},
  year = {2014},
  author={Lanthaler, Markus},
  school   = {Institute of Information Systems and Computer Media Graz University of Technology, Austria},
}

@inproceedings{salvadori2014framework,
  title={A framework for semantic description of restful web apis},
  author={Salvadori, IL et al.},
  year = {2014},
  booktitle={Web Services (ICWS), 2014 IEEE International Conference on},
  organization={IEEE}
}

@inproceedings{john2012framework,
  title={A framework for the description, discovery and composition of restful semantic web services},
  author={John, Davis and Rajasree, MS},
  booktitle={Proceedings of the Second International Conference on Computational Science, Engineering and Information Technology},
  pages={88--93},
  year={2012},
  organization={ACM}
}

@inproceedings{parastatidis2010role,
  title={The role of hypermedia in distributed system development},
  author={Parastatidis, Savas and Webber, Jim and Silveira, Guilherme and Robinson, Ian S},
  booktitle={Proceedings of the First International Workshop on RESTful Design},
  pages={16--22},
  year={2010},
  organization={ACM}
}

@article{benslimane2008services,
  title={Services mashups: The new generation of web applications},
  author={Benslimane, Djamal and Dustdar, Schahram and Sheth, Amit},
  journal={IEEE Internet Computing},
  volume={12},
  number={5},
  year={2008},
  publisher={IEEE}
}

@inproceedings{jung2013ontology,
  title={Ontology modeling for rest open apis and web service mash-up method},
  author={Jung, Wan and Kim, Sang Il and Kim, Hwa Sung},
  booktitle={The International Conference on Information Networking 2013 (ICOIN)},
  pages={523--528},
  year={2013},
  organization={IEEE}
}

@inproceedings{alarcon2015rest,
  title={REST web service description for graph-based service discovery},
  author={Alarcon, Rosa et al.},
  booktitle={International Conference on Web Engineering},
  pages={461--478},
  year={2015},
  organization={Springer}
}

@mastersthesis{scherer2016description,
  title={Description languages for REST APIs-state of the art, comparison, and transformation},
  author={Scherer, Anton},
  year={2016},
  school   = {University of Stuttgart}
}

@inproceedings{serrano2017linked,
  title={Linked REST APIs: A Middleware for Semantic REST API Integration},
  author={Serrano, Diego and Stroulia, Eleni and Lau, Diana and Ng, Tinny},
  booktitle={Web Services (ICWS), 2017 IEEE International Conference on},
  pages={138--145},
  year={2017},
  organization={IEEE}
}

@article{pedrinaci2010toward,
  title={Toward the next wave of services: Linked services for the web of data.},
  author={Pedrinaci, Carlos and Domingue, John and others},
  journal={J. ucs},
  volume={16},
  number={13},
  pages={1694--1719},
  year={2010}
}

@inproceedings{patil2004meteor,
  title={Meteor-s web service annotation framework},
  author={Patil, Abhijit A and Oundhakar, Swapna A and Sheth, Amit P and Verma, Kunal},
  booktitle={Proceedings of the 13th international conference on World Wide Web},
  pages={553--562},
  year={2004},
  organization={ACM}
}

@article{paulk1993capability,
  title={Capability maturity model, version 1.1},
  author={Paulk, Mark C et al.},
  journal={IEEE software},
  volume={10},
  number={4},
  pages={18--27},
  year={1993},
  publisher={IEEE}
}